<?xml version = "1.0" encoding = "UTF-8"?><record>
  <leader>02536nas#a2200733#ca4500</leader>
  <controlfield tag="005">20210109194025.0</controlfield>
  <controlfield tag="007">tu</controlfield>
  <controlfield tag="008">991120m19902006gw#a|#p#######|####|ger#c</controlfield>
  <controlfield tag="001">990054354090206441</controlfield>
  <datafield tag="015" ind1=" " ind2=" ">
    <subfield code="a">09,A28,2087</subfield>
    <subfield code="2">dnb</subfield>
  </datafield>
  <datafield tag="016" ind1="7" ind2=" ">
    <subfield code="a">015550907</subfield>
    <subfield code="2">DE-101b</subfield>
  </datafield>
  <datafield tag="016" ind1="7" ind2=" ">
    <subfield code="a">1022362-9</subfield>
    <subfield code="2">DE-600</subfield>
  </datafield>
  <datafield tag="016" ind1="7" ind2=" ">
    <subfield code="a">85488933</subfield>
    <subfield code="2">OCoLC</subfield>
  </datafield>
  <datafield tag="022" ind1=" " ind2=" ">
    <subfield code="a">0939-5563</subfield>
    <subfield code="0">(uri) http://worldcat.org/issn/0939-5563</subfield>
  </datafield>
  <datafield tag="022" ind1=" " ind2=" ">
    <subfield code="a">0939-5563</subfield>
    <subfield code="2">6</subfield>
    <subfield code="0">(uri) http://worldcat.org/issn/0939-5563</subfield>
  </datafield>
  <datafield tag="035" ind1=" " ind2=" ">
    <subfield code="a">(DE-605)HT003577846</subfield>
  </datafield>
  <datafield tag="035" ind1=" " ind2=" ">
    <subfield code="a">(DE-600)1022362-9</subfield>
  </datafield>
  <datafield tag="035" ind1=" " ind2=" ">
    <subfield code="a">(OCoLC)85488933</subfield>
    <subfield code="0">(uri) http://www.worldcat.org/oclc/85488933</subfield>
  </datafield>
  <datafield tag="035" ind1=" " ind2=" ">
    <subfield code="a">(DE-599)ZDB1022362-9</subfield>
  </datafield>
  <datafield tag="040" ind1=" " ind2=" ">
    <subfield code="a">9001</subfield>
    <subfield code="b">ger</subfield>
    <subfield code="c">DNB</subfield>
    <subfield code="d">0292</subfield>
  </datafield>
  <datafield tag="041" ind1=" " ind2=" ">
    <subfield code="a">ger</subfield>
  </datafield>
  <datafield tag="044" ind1=" " ind2=" ">
    <subfield code="c">XA-DE</subfield>
  </datafield>
  <datafield tag="082" ind1="0" ind2="4">
    <subfield code="a">943.004924</subfield>
    <subfield code="2">DDC22ger</subfield>
  </datafield>
  <datafield tag="084" ind1=" " ind2=" ">
    <subfield code="a">7,7</subfield>
    <subfield code="2">ssgn</subfield>
  </datafield>
  <datafield tag="084" ind1=" " ind2=" ">
    <subfield code="a">8,1</subfield>
    <subfield code="2">ssgn</subfield>
  </datafield>
  <datafield tag="084" ind1=" " ind2=" ">
    <subfield code="a">JUDAICA</subfield>
    <subfield code="q">DE-30</subfield>
    <subfield code="2">fid</subfield>
  </datafield>
  <datafield tag="084" ind1=" " ind2=" ">
    <subfield code="a">943</subfield>
    <subfield code="q">DE-101</subfield>
    <subfield code="2">sdnb</subfield>
  </datafield>
  <datafield tag="084" ind1=" " ind2=" ">
    <subfield code="a">900</subfield>
    <subfield code="q">DE-600</subfield>
    <subfield code="2">zdbs</subfield>
  </datafield>
  <datafield tag="084" ind1=" " ind2=" ">
    <subfield code="a">330</subfield>
    <subfield code="2">rpb</subfield>
  </datafield>
  <datafield tag="084" ind1=" " ind2=" ">
    <subfield code="a">n 2</subfield>
    <subfield code="a">n 41</subfield>
    <subfield code="a">n 55</subfield>
    <subfield code="2">ifzs</subfield>
  </datafield>
  <datafield tag="084" ind1=" " ind2=" ">
    <subfield code="a">012000*zs</subfield>
    <subfield code="2">sbb</subfield>
  </datafield>
  <datafield tag="084" ind1=" " ind2=" ">
    <subfield code="a">NA 1000</subfield>
    <subfield code="2">rvk</subfield>
  </datafield>
  <datafield tag="089" ind1="0" ind2="4">
    <subfield code="a">943.004924</subfield>
    <subfield code="e">DDC22ger</subfield>
  </datafield>
  <datafield tag="090" ind1=" " ind2=" ">
    <subfield code="n">fp</subfield>
  </datafield>
  <datafield tag="222" ind1=" " ind2="0">
    <subfield code="a">Menora</subfield>
    <subfield code="b">M&#252;nchen</subfield>
  </datafield>
  <datafield tag="245" ind1="0" ind2="0">
    <subfield code="a">Menora</subfield>
    <subfield code="b">Jahrbuch f&#252;r deutsch-j&#252;dische Geschichte</subfield>
    <subfield code="c">im Auftr. des Moses-Mendelssohn-Zentrums f&#252;r Europ&#228;isch-J&#252;dische Studien hrsg.</subfield>
  </datafield>
  <datafield tag="264" ind1="3" ind2="1">
    <subfield code="a">Hamburg</subfield>
    <subfield code="b">Philo</subfield>
    <subfield code="c">1990-2006</subfield>
  </datafield>
  <datafield tag="264" ind1="2" ind2="1">
    <subfield code="a">M&#252;nchen</subfield>
    <subfield code="a">Z&#252;rich</subfield>
    <subfield code="b">Piper</subfield>
    <subfield code="c">1990-1995</subfield>
  </datafield>
  <datafield tag="264" ind1="2" ind2="1">
    <subfield code="a">Bodenheim</subfield>
    <subfield code="b">Philo</subfield>
    <subfield code="c">1996-1998</subfield>
  </datafield>
  <datafield tag="264" ind1="2" ind2="1">
    <subfield code="a">Berlin</subfield>
    <subfield code="a">Bodenheim, Mainz</subfield>
    <subfield code="b">Philo</subfield>
    <subfield code="c">1999</subfield>
  </datafield>
  <datafield tag="264" ind1="2" ind2="1">
    <subfield code="a">Berlin</subfield>
    <subfield code="a">Wien</subfield>
    <subfield code="b">Philo</subfield>
    <subfield code="c">2000-2004</subfield>
  </datafield>
  <datafield tag="300" ind1=" " ind2=" ">
    <subfield code="c">21 cm</subfield>
  </datafield>
  <datafield tag="336" ind1=" " ind2=" ">
    <subfield code="b">txt</subfield>
  </datafield>
  <datafield tag="337" ind1=" " ind2=" ">
    <subfield code="b">n</subfield>
  </datafield>
  <datafield tag="338" ind1=" " ind2=" ">
    <subfield code="b">nc</subfield>
  </datafield>
  <datafield tag="362" ind1="0" ind2=" ">
    <subfield code="a">1.1990 - 15.2004(2005); 16.2005/06(2006); damit Ersch. eingest.</subfield>
  </datafield>
  <datafield tag="363" ind1="0" ind2="0">
    <subfield code="8">1.1\x</subfield>
    <subfield code="a">1</subfield>
    <subfield code="i">1990</subfield>
  </datafield>
  <datafield tag="363" ind1="1" ind2="0">
    <subfield code="8">1.2\x</subfield>
    <subfield code="a">15</subfield>
    <subfield code="i">2004</subfield>
  </datafield>
  <datafield tag="363" ind1="0" ind2="0">
    <subfield code="8">2.1\x</subfield>
    <subfield code="a">16</subfield>
    <subfield code="i">2005/06</subfield>
  </datafield>
  <datafield tag="500" ind1=" " ind2=" ">
    <subfield code="a">Beteil. K&#246;rpersch. bis 5.1996: Salomon Ludwig Steinheim-Institut f&#252;r Deutsch-J&#252;dische Geschichte und Moses Mendelssohn Zentrum f&#252;r Europ&#228;isch-J&#252;dische Studien</subfield>
    <subfield code="9">F:509</subfield>
  </datafield>
  <datafield tag="515" ind1=" " ind2=" ">
    <subfield code="a">Ersch. j&#228;hrl.; Ab 11.2000 Schriftenreihe;</subfield>
  </datafield>
  <datafield tag="555" ind1=" " ind2=" ">
    <subfield code="a">Index 1/10.1990/99 in: 10.1999</subfield>
  </datafield>
  <datafield tag="591" ind1=" " ind2=" ">
    <subfield code="a">25!(11-06-08)</subfield>
  </datafield>
  <datafield tag="655" ind1=" " ind2="7">
    <subfield code="a">Zeitschrift</subfield>
    <subfield code="0">(DE-588)4067488-5</subfield>
    <subfield code="2">gnd-content</subfield>
    <subfield code="B">GND-040674886</subfield>
  </datafield>
  <datafield tag="689" ind1="0" ind2="0">
    <subfield code="a">Deutschland</subfield>
    <subfield code="D">g</subfield>
    <subfield code="0">(DE-588)4011882-4</subfield>
    <subfield code="0">(uri) https://portal.dnb.de/opac.htm?method=simpleSearch&amp;cqlMode=true&amp;query=idn=040118827</subfield>
    <subfield code="0">(uri) http://viaf.org/viaf/sourceID/DNB|040118827</subfield>
    <subfield code="B">GND-040118827</subfield>
  </datafield>
  <datafield tag="689" ind1="0" ind2="1">
    <subfield code="a">Juden</subfield>
    <subfield code="D">s</subfield>
    <subfield code="0">(DE-588)4028808-0</subfield>
    <subfield code="0">(uri) https://portal.dnb.de/opac.htm?method=simpleSearch&amp;cqlMode=true&amp;query=idn=040288080</subfield>
    <subfield code="0">(uri) http://viaf.org/viaf/sourceID/DNB|040288080</subfield>
    <subfield code="B">GND-040288080</subfield>
  </datafield>
  <datafield tag="689" ind1="0" ind2="2">
    <subfield code="a">Geschichte</subfield>
    <subfield code="A">z</subfield>
  </datafield>
  <datafield tag="689" ind1="0" ind2="3">
    <subfield code="a">Zeitschrift</subfield>
    <subfield code="A">f</subfield>
  </datafield>
  <datafield tag="689" ind1="0" ind2=" ">
    <subfield code="5">DNB</subfield>
  </datafield>
  <datafield tag="787" ind1="0" ind2="8">
    <subfield code="i">1=1221; 2=1345; 3=1544; 4=1737; 5=1917; 6=2132 von</subfield>
    <subfield code="t">Piper</subfield>
    <subfield code="d">M&#252;nchen ; Z&#252;rich : Piper, 1970-2019</subfield>
    <subfield code="x">0179-5147</subfield>
    <subfield code="w">(DE-605)HT011199443</subfield>
  </datafield>
  <datafield tag="960" ind1="1" ind2=" ">
    <subfield code="n">NWBib-Zeitschrift</subfield>
  </datafield>
  <datafield tag="964" ind1="0" ind2="s">
    <subfield code="F">030</subfield>
    <subfield code="A">a||u|||||||37</subfield>
  </datafield>
  <datafield tag="964" ind1="0" ind2="s">
    <subfield code="F">050</subfield>
    <subfield code="A">a|a|||||||||||</subfield>
  </datafield>
  <datafield tag="964" ind1="0" ind2="s">
    <subfield code="F">052</subfield>
    <subfield code="A">p||||||ta||||||</subfield>
  </datafield>
  <datafield tag="MBD" ind1=" " ind2=" ">
    <subfield code="M">49HBZ_NETWORK</subfield>
    <subfield code="i">990054354090206441</subfield>
    <subfield code="n">HBZ Network</subfield>
  </datafield>
  <datafield tag="MBD" ind1=" " ind2=" ">
    <subfield code="M">49HBZ_WUP</subfield>
    <subfield code="i">990006203870206447</subfield>
    <subfield code="n">Bergische Universit&#228;t Wuppertal</subfield>
  </datafield>
  <datafield tag="500" ind1=" " ind2=" ">
    <subfield code="a">Beteil. K&#246;rpersch. bis 5.1996: Salomon Ludwig Steinheim-Institut f&#252;r Deutsch-J&#252;dische Geschichte und Moses Mendelssohn Zentrum f&#252;r Europ&#228;isch-J&#252;dische Studien</subfield>
    <subfield code="9">F:509</subfield>
    <subfield code="M">49HBZ_WUP</subfield>
  </datafield>
  <datafield tag="983" ind1=" " ind2=" ">
    <subfield code="b">40</subfield>
    <subfield code="9">LOCAL</subfield>
    <subfield code="M">49HBZ_WUP</subfield>
  </datafield>
  <datafield tag="MBD" ind1=" " ind2=" ">
    <subfield code="M">49HBZ_UBD</subfield>
    <subfield code="i">991011467889706445</subfield>
    <subfield code="n">Technische Universit&#228;t Dortmund</subfield>
  </datafield>
  <datafield tag="500" ind1=" " ind2=" ">
    <subfield code="a">Beteil. K&#246;rpersch. bis 5.1996: Salomon Ludwig Steinheim-Institut f&#252;r Deutsch-J&#252;dische Geschichte und Moses Mendelssohn Zentrum f&#252;r Europ&#228;isch-J&#252;dische Studien</subfield>
    <subfield code="9">F:509</subfield>
    <subfield code="M">49HBZ_UBD</subfield>
  </datafield>
  <datafield tag="980" ind1="1" ind2=" ">
    <subfield code="e">HBZ</subfield>
    <subfield code="9">LOCAL</subfield>
    <subfield code="M">49HBZ_UBD</subfield>
  </datafield>
  <datafield tag="981" ind1=" " ind2=" ">
    <subfield code="a">(DE-290)382733</subfield>
    <subfield code="9">LOCAL</subfield>
    <subfield code="M">49HBZ_UBD</subfield>
  </datafield>
  <datafield tag="982" ind1=" " ind2=" ">
    <subfield code="2">unaufgegliedert</subfield>
    <subfield code="9">LOCAL</subfield>
    <subfield code="M">49HBZ_UBD</subfield>
  </datafield>
  <datafield tag="982" ind1=" " ind2=" ">
    <subfield code="a">Deutsch-j&#252;dische Geschichte</subfield>
    <subfield code="9">LOCAL</subfield>
    <subfield code="M">49HBZ_UBD</subfield>
  </datafield>
  <datafield tag="991" ind1=" " ind2=" ">
    <subfield code="a">kw/FOME; bn</subfield>
    <subfield code="9">LOCAL</subfield>
    <subfield code="M">49HBZ_UBD</subfield>
  </datafield>
  <datafield tag="997" ind1=" " ind2=" ">
    <subfield code="a">19990727</subfield>
    <subfield code="9">LOCAL</subfield>
    <subfield code="M">49HBZ_UBD</subfield>
  </datafield>
  <datafield tag="MBD" ind1=" " ind2=" ">
    <subfield code="M">49HBZ_BIE</subfield>
    <subfield code="i">991019491729706442</subfield>
    <subfield code="n">Universit&#228;t Bielefeld</subfield>
  </datafield>
  <datafield tag="500" ind1=" " ind2=" ">
    <subfield code="a">Beteil. K&#246;rpersch. bis 5.1996: Salomon Ludwig Steinheim-Institut f&#252;r Deutsch-J&#252;dische Geschichte und Moses Mendelssohn Zentrum f&#252;r Europ&#228;isch-J&#252;dische Studien</subfield>
    <subfield code="9">F:509</subfield>
    <subfield code="M">49HBZ_BIE</subfield>
  </datafield>
  <datafield tag="980" ind1="1" ind2=" ">
    <subfield code="e">HBZ</subfield>
    <subfield code="9">LOCAL</subfield>
    <subfield code="M">49HBZ_BIE</subfield>
  </datafield>
  <datafield tag="981" ind1=" " ind2=" ">
    <subfield code="a">(DE-361)630541</subfield>
    <subfield code="9">LOCAL</subfield>
    <subfield code="M">49HBZ_BIE</subfield>
  </datafield>
  <datafield tag="997" ind1=" " ind2=" ">
    <subfield code="a">20020121</subfield>
    <subfield code="9">LOCAL</subfield>
    <subfield code="M">49HBZ_BIE</subfield>
  </datafield>
  <datafield tag="MBD" ind1=" " ind2=" ">
    <subfield code="M">49HBZ_UDE</subfield>
    <subfield code="i">990012619500206446</subfield>
    <subfield code="n">Universit&#228;t Duisburg-Essen</subfield>
  </datafield>
  <datafield tag="500" ind1=" " ind2=" ">
    <subfield code="a">Beteil. K&#246;rpersch. bis 5.1996: Salomon Ludwig Steinheim-Institut f&#252;r Deutsch-J&#252;dische Geschichte und Moses Mendelssohn Zentrum f&#252;r Europ&#228;isch-J&#252;dische Studien</subfield>
    <subfield code="9">F:509</subfield>
    <subfield code="M">49HBZ_UDE</subfield>
  </datafield>
  <datafield tag="MBD" ind1=" " ind2=" ">
    <subfield code="M">49HBZ_DUE</subfield>
    <subfield code="i">990005201410206443</subfield>
    <subfield code="n">Universit&#228;t D&#252;sseldorf</subfield>
  </datafield>
  <datafield tag="500" ind1=" " ind2=" ">
    <subfield code="a">Beteil. K&#246;rpersch. bis 5.1996: Salomon Ludwig Steinheim-Institut f&#252;r Deutsch-J&#252;dische Geschichte und Moses Mendelssohn Zentrum f&#252;r Europ&#228;isch-J&#252;dische Studien</subfield>
    <subfield code="9">F:509</subfield>
    <subfield code="M">49HBZ_DUE</subfield>
  </datafield>
  <datafield tag="996" ind1=" " ind2=" ">
    <subfield code="s">Geschichte</subfield>
    <subfield code="0">(DE-588)4020517-4</subfield>
    <subfield code="9">LOCAL</subfield>
    <subfield code="M">49HBZ_DUE</subfield>
  </datafield>
  <datafield tag="996" ind1=" " ind2=" ">
    <subfield code="s">Jahrbuch</subfield>
    <subfield code="0">(DE-588)4162677-1</subfield>
    <subfield code="9">LOCAL</subfield>
    <subfield code="M">49HBZ_DUE</subfield>
  </datafield>
  <datafield tag="996" ind1=" " ind2=" ">
    <subfield code="a">Buch</subfield>
    <subfield code="9">LOCAL</subfield>
    <subfield code="M">49HBZ_DUE</subfield>
  </datafield>
  <datafield tag="996" ind1=" " ind2=" ">
    <subfield code="a">Deutschland</subfield>
    <subfield code="9">LOCAL</subfield>
    <subfield code="M">49HBZ_DUE</subfield>
  </datafield>
  <datafield tag="996" ind1=" " ind2=" ">
    <subfield code="a">Jahr</subfield>
    <subfield code="9">LOCAL</subfield>
    <subfield code="M">49HBZ_DUE</subfield>
  </datafield>
  <datafield tag="996" ind1=" " ind2=" ">
    <subfield code="a">Judentum</subfield>
    <subfield code="9">LOCAL</subfield>
    <subfield code="M">49HBZ_DUE</subfield>
  </datafield>
  <datafield tag="996" ind1=" " ind2=" ">
    <subfield code="a">deutsch</subfield>
    <subfield code="9">LOCAL</subfield>
    <subfield code="M">49HBZ_DUE</subfield>
  </datafield>
  <datafield tag="996" ind1=" " ind2=" ">
    <subfield code="a">deutsch-j&#252;disch</subfield>
    <subfield code="9">LOCAL</subfield>
    <subfield code="M">49HBZ_DUE</subfield>
  </datafield>
  <datafield tag="996" ind1=" " ind2=" ">
    <subfield code="a">j&#252;disch</subfield>
    <subfield code="9">LOCAL</subfield>
    <subfield code="M">49HBZ_DUE</subfield>
  </datafield>
  <datafield tag="MNG" ind1=" " ind2=" ">
    <subfield code="c">System</subfield>
    <subfield code="f">ILS</subfield>
    <subfield code="i">marc21</subfield>
    <subfield code="k">01</subfield>
    <subfield code="e">false</subfield>
    <subfield code="d">2021-01-09 19:40:26 Europe/Berlin</subfield>
    <subfield code="g">005435409-HBZ01</subfield>
    <subfield code="j">90</subfield>
    <subfield code="a">import</subfield>
    <subfield code="b">2020-11-23 07:42:29 Europe/Berlin</subfield>
  </datafield>
  <datafield tag="H16" ind1="7" ind2=" ">
    <subfield code="a">1022362-9</subfield>
    <subfield code="2">DE-600</subfield>
    <subfield code="8">2283827640006447</subfield>
  </datafield>
  <datafield tag="H35" ind1=" " ind2=" ">
    <subfield code="a">(DE-600)042811910</subfield>
    <subfield code="8">2283827640006447</subfield>
  </datafield>
  <datafield tag="H92" ind1=" " ind2=" ">
    <subfield code="a">561000-x</subfield>
    <subfield code="k">NRW</subfield>
    <subfield code="l">a</subfield>
    <subfield code="o">c</subfield>
    <subfield code="8">2283827640006447</subfield>
  </datafield>
  <datafield tag="H52" ind1="8" ind2="1">
    <subfield code="a">DE-468</subfield>
    <subfield code="b">W0001</subfield>
    <subfield code="c">20</subfield>
    <subfield code="h">40M10</subfield>
    <subfield code="8">2283827640006447</subfield>
  </datafield>
  <datafield tag="H59" ind1="0" ind2="0">
    <subfield code="8">1.1\x</subfield>
    <subfield code="a">1</subfield>
    <subfield code="i">1990</subfield>
    <subfield code="8">2283827640006447</subfield>
  </datafield>
  <datafield tag="H59" ind1="1" ind2="0">
    <subfield code="8">1.2\x</subfield>
    <subfield code="a">16</subfield>
    <subfield code="i">2005/06</subfield>
    <subfield code="8">2283827640006447</subfield>
  </datafield>
  <datafield tag="H66" ind1="3" ind2="0">
    <subfield code="a">1.1990 - 15.2004(2005); 16.2005/06(2006)</subfield>
    <subfield code="8">2283827640006447</subfield>
  </datafield>
  <datafield tag="HOL" ind1=" " ind2=" ">
    <subfield code="b">2020-11-19 12:05:43</subfield>
    <subfield code="8">2283827640006447</subfield>
    <subfield code="M">49HBZ_WUP</subfield>
    <subfield code="g">false</subfield>
    <subfield code="a">import</subfield>
  </datafield>
  <datafield tag="H52" ind1=" " ind2=" ">
    <subfield code="b">W0001</subfield>
    <subfield code="c">20</subfield>
    <subfield code="h"></subfield>
    <subfield code="8">2283827700006447</subfield>
  </datafield>
  <datafield tag="HOL" ind1=" " ind2=" ">
    <subfield code="b">2020-11-19 12:05:43</subfield>
    <subfield code="8">2283827700006447</subfield>
    <subfield code="M">49HBZ_WUP</subfield>
    <subfield code="g">false</subfield>
    <subfield code="a">import</subfield>
  </datafield>
  <datafield tag="ITM" ind1=" " ind2=" ">
    <subfield code="H">2283827700006447</subfield>
    <subfield code="x">20</subfield>
    <subfield code="f">ISSUE</subfield>
    <subfield code="v">20</subfield>
    <subfield code="p">36</subfield>
    <subfield code="X">System</subfield>
    <subfield code="U">2005-05-23 10:59:00</subfield>
    <subfield code="Y">2020-11-19 12:06:50</subfield>
    <subfield code="h">false</subfield>
    <subfield code="n">40M10</subfield>
    <subfield code="M">49HBZ_WUP</subfield>
    <subfield code="s">1</subfield>
    <subfield code="d">#</subfield>
    <subfield code="V">import</subfield>
    <subfield code="b">892479-40</subfield>
    <subfield code="a">2383827660006447</subfield>
    <subfield code="q">opac</subfield>
    <subfield code="W">2020-11-19 12:05:43</subfield>
    <subfield code="u">W0001</subfield>
    <subfield code="w">W0001</subfield>
  </datafield>
  <datafield tag="ITM" ind1=" " ind2=" ">
    <subfield code="H">2283827700006447</subfield>
    <subfield code="x">20</subfield>
    <subfield code="f">ISSUE</subfield>
    <subfield code="v">20</subfield>
    <subfield code="p">32</subfield>
    <subfield code="X">System</subfield>
    <subfield code="U">2005-02-10 10:59:00</subfield>
    <subfield code="Y">2020-11-19 12:06:50</subfield>
    <subfield code="h">false</subfield>
    <subfield code="n">40M10</subfield>
    <subfield code="M">49HBZ_WUP</subfield>
    <subfield code="s">1</subfield>
    <subfield code="d">#</subfield>
    <subfield code="V">import</subfield>
    <subfield code="b">892479-10</subfield>
    <subfield code="a">2383827690006447</subfield>
    <subfield code="B">Z91/70</subfield>
    <subfield code="D">20050210</subfield>
    <subfield code="q">Abo</subfield>
    <subfield code="W">2020-11-19 12:05:43</subfield>
    <subfield code="u">W0001</subfield>
    <subfield code="w">W0001</subfield>
  </datafield>
  <datafield tag="ITM" ind1=" " ind2=" ">
    <subfield code="H">2283827700006447</subfield>
    <subfield code="x">20</subfield>
    <subfield code="f">ISSUE</subfield>
    <subfield code="v">20</subfield>
    <subfield code="p">32</subfield>
    <subfield code="X">System</subfield>
    <subfield code="U">2003-06-10 10:59:00</subfield>
    <subfield code="Y">2020-11-19 12:06:50</subfield>
    <subfield code="h">false</subfield>
    <subfield code="e">00001</subfield>
    <subfield code="n">40M10</subfield>
    <subfield code="j">14</subfield>
    <subfield code="i">2003</subfield>
    <subfield code="M">49HBZ_WUP</subfield>
    <subfield code="s">1</subfield>
    <subfield code="d">#</subfield>
    <subfield code="V">import</subfield>
    <subfield code="b">892479-20</subfield>
    <subfield code="a">2383827680006447</subfield>
    <subfield code="q">Bd.14(2003)</subfield>
    <subfield code="W">2020-11-19 12:05:43</subfield>
    <subfield code="u">W0001</subfield>
    <subfield code="w">W0001</subfield>
  </datafield>
  <datafield tag="ITM" ind1=" " ind2=" ">
    <subfield code="H">2283827700006447</subfield>
    <subfield code="x">20</subfield>
    <subfield code="f">ISSUE</subfield>
    <subfield code="v">20</subfield>
    <subfield code="p">32</subfield>
    <subfield code="X">System</subfield>
    <subfield code="U">2006-08-21 10:59:00</subfield>
    <subfield code="Y">2020-11-19 12:06:50</subfield>
    <subfield code="h">false</subfield>
    <subfield code="e">00001</subfield>
    <subfield code="n">40M10</subfield>
    <subfield code="j">16</subfield>
    <subfield code="i">2005</subfield>
    <subfield code="M">49HBZ_WUP</subfield>
    <subfield code="s">1</subfield>
    <subfield code="d">#</subfield>
    <subfield code="V">import</subfield>
    <subfield code="b">892479-50</subfield>
    <subfield code="a">2383827650006447</subfield>
    <subfield code="q">Bd.16.2005-2006(2006)  letzte Ausg.</subfield>
    <subfield code="W">2020-11-19 12:05:43</subfield>
    <subfield code="u">W0001</subfield>
    <subfield code="w">W0001</subfield>
  </datafield>
  <datafield tag="ITM" ind1=" " ind2=" ">
    <subfield code="H">2283827700006447</subfield>
    <subfield code="x">20</subfield>
    <subfield code="f">ISSUE</subfield>
    <subfield code="v">20</subfield>
    <subfield code="p">32</subfield>
    <subfield code="X">System</subfield>
    <subfield code="U">2005-04-21 10:59:00</subfield>
    <subfield code="Y">2020-11-19 12:06:50</subfield>
    <subfield code="h">false</subfield>
    <subfield code="e">00001</subfield>
    <subfield code="n">40M10</subfield>
    <subfield code="j">15</subfield>
    <subfield code="i">2004</subfield>
    <subfield code="M">49HBZ_WUP</subfield>
    <subfield code="s">1</subfield>
    <subfield code="d">#</subfield>
    <subfield code="V">import</subfield>
    <subfield code="b">892479-30</subfield>
    <subfield code="a">2383827670006447</subfield>
    <subfield code="q">Bd.15(2004)</subfield>
    <subfield code="W">2020-11-19 12:05:43</subfield>
    <subfield code="u">W0001</subfield>
    <subfield code="w">W0001</subfield>
  </datafield>
  <datafield tag="H16" ind1="7" ind2=" ">
    <subfield code="a">1022362-9</subfield>
    <subfield code="2">DE-600</subfield>
    <subfield code="8">2298845500006445</subfield>
  </datafield>
  <datafield tag="H35" ind1=" " ind2=" ">
    <subfield code="a">(DE-600)139566554</subfield>
    <subfield code="8">2298845500006445</subfield>
  </datafield>
  <datafield tag="H35" ind1=" " ind2=" ">
    <subfield code="a">(DE-290)139566554-49hbz_ubd</subfield>
    <subfield code="8">2298845500006445</subfield>
  </datafield>
  <datafield tag="H92" ind1=" " ind2=" ">
    <subfield code="a">463000-2</subfield>
    <subfield code="d">290</subfield>
    <subfield code="k">NRW</subfield>
    <subfield code="l">a</subfield>
    <subfield code="o">c</subfield>
    <subfield code="8">2298845500006445</subfield>
  </datafield>
  <datafield tag="H52" ind1=" " ind2=" ">
    <subfield code="b">ZB</subfield>
    <subfield code="c">ZS</subfield>
    <subfield code="8">1</subfield>
    <subfield code="h">ZD 646</subfield>
    <subfield code="9">00</subfield>
    <subfield code="8">2298845500006445</subfield>
  </datafield>
  <datafield tag="H59" ind1="0" ind2="0">
    <subfield code="8">1.1\x</subfield>
    <subfield code="a">1</subfield>
    <subfield code="i">1990</subfield>
    <subfield code="8">2298845500006445</subfield>
  </datafield>
  <datafield tag="H59" ind1="1" ind2="0">
    <subfield code="8">1.2\x</subfield>
    <subfield code="a">14</subfield>
    <subfield code="i">2003</subfield>
    <subfield code="8">2298845500006445</subfield>
  </datafield>
  <datafield tag="H66" ind1="3" ind2="0">
    <subfield code="a">1.1990 - 14.2003(2004)</subfield>
    <subfield code="8">2298845500006445</subfield>
  </datafield>
  <datafield tag="HOL" ind1=" " ind2=" ">
    <subfield code="b">2020-11-26 20:38:38</subfield>
    <subfield code="8">2298845500006445</subfield>
    <subfield code="M">49HBZ_UBD</subfield>
    <subfield code="g">false</subfield>
    <subfield code="a">import</subfield>
  </datafield>
  <datafield tag="H16" ind1="7" ind2=" ">
    <subfield code="a">1022362-9</subfield>
    <subfield code="2">DE-600</subfield>
    <subfield code="8">22184825510006446</subfield>
  </datafield>
  <datafield tag="H35" ind1=" " ind2=" ">
    <subfield code="a">(DE-600)042811880</subfield>
    <subfield code="8">22184825510006446</subfield>
  </datafield>
  <datafield tag="H92" ind1=" " ind2=" ">
    <subfield code="a">411000-6</subfield>
    <subfield code="k">NRW</subfield>
    <subfield code="l">a</subfield>
    <subfield code="o">b</subfield>
    <subfield code="p">x</subfield>
    <subfield code="8">22184825510006446</subfield>
  </datafield>
  <datafield tag="H52" ind1="8" ind2="1">
    <subfield code="a">DE-464</subfield>
    <subfield code="b">D0001</subfield>
    <subfield code="c">D00</subfield>
    <subfield code="h">40 Z 218</subfield>
    <subfield code="8">22184825510006446</subfield>
  </datafield>
  <datafield tag="H59" ind1="0" ind2="0">
    <subfield code="8">1.1\x</subfield>
    <subfield code="a">1</subfield>
    <subfield code="i">1990</subfield>
    <subfield code="8">22184825510006446</subfield>
  </datafield>
  <datafield tag="H59" ind1="1" ind2="0">
    <subfield code="8">1.2\x</subfield>
    <subfield code="a">13</subfield>
    <subfield code="i">2002</subfield>
    <subfield code="8">22184825510006446</subfield>
  </datafield>
  <datafield tag="H66" ind1=" " ind2="0">
    <subfield code="z">Abbestellt</subfield>
    <subfield code="8">22184825510006446</subfield>
  </datafield>
  <datafield tag="H66" ind1="3" ind2="0">
    <subfield code="a">1.1990 - 13.2002</subfield>
    <subfield code="8">22184825510006446</subfield>
  </datafield>
  <datafield tag="HOL" ind1=" " ind2=" ">
    <subfield code="b">2020-11-17 20:12:29</subfield>
    <subfield code="8">22184825510006446</subfield>
    <subfield code="M">49HBZ_UDE</subfield>
    <subfield code="g">false</subfield>
    <subfield code="a">import</subfield>
  </datafield>
  <datafield tag="H52" ind1="8" ind2="1">
    <subfield code="b">E0001</subfield>
    <subfield code="c">UNASSIGNED</subfield>
    <subfield code="8">22184825480006446</subfield>
  </datafield>
  <datafield tag="HOL" ind1=" " ind2=" ">
    <subfield code="b">2020-11-17 20:12:29</subfield>
    <subfield code="8">22184825480006446</subfield>
    <subfield code="M">49HBZ_UDE</subfield>
    <subfield code="g">false</subfield>
    <subfield code="a">import</subfield>
  </datafield>
  <datafield tag="ITM" ind1=" " ind2=" ">
    <subfield code="H">22184825510006446</subfield>
    <subfield code="x">D00</subfield>
    <subfield code="f">ISSBD</subfield>
    <subfield code="v">D00</subfield>
    <subfield code="p">30</subfield>
    <subfield code="X">System</subfield>
    <subfield code="U">2001-10-09 10:59:00</subfield>
    <subfield code="Y">2021-04-07 16:06:12</subfield>
    <subfield code="h">false</subfield>
    <subfield code="e">00001</subfield>
    <subfield code="n">40Z218_d</subfield>
    <subfield code="j">2001</subfield>
    <subfield code="i">12</subfield>
    <subfield code="k">2001</subfield>
    <subfield code="M">49HBZ_UDE</subfield>
    <subfield code="s">1</subfield>
    <subfield code="d">8</subfield>
    <subfield code="V">import</subfield>
    <subfield code="L"># Bd Zs-Kat. ZZN 4962-RJ</subfield>
    <subfield code="b">1568664-20</subfield>
    <subfield code="a">23184825500006446</subfield>
    <subfield code="t">8</subfield>
    <subfield code="c">40 Z 218</subfield>
    <subfield code="q">2001 12  2001</subfield>
    <subfield code="W">2020-11-17 20:12:29</subfield>
    <subfield code="u">D0001</subfield>
    <subfield code="w">D0001</subfield>
  </datafield>
  <datafield tag="ITM" ind1=" " ind2=" ">
    <subfield code="H">22184825510006446</subfield>
    <subfield code="x">D00</subfield>
    <subfield code="f">ISSBD</subfield>
    <subfield code="v">D00</subfield>
    <subfield code="p">30</subfield>
    <subfield code="X">System</subfield>
    <subfield code="U">2003-01-07 10:59:00</subfield>
    <subfield code="Y">2021-04-07 16:06:10</subfield>
    <subfield code="h">false</subfield>
    <subfield code="e">00001</subfield>
    <subfield code="n">40Z218_d</subfield>
    <subfield code="j">2002</subfield>
    <subfield code="i">13</subfield>
    <subfield code="k">2002</subfield>
    <subfield code="M">49HBZ_UDE</subfield>
    <subfield code="s">1</subfield>
    <subfield code="d">8</subfield>
    <subfield code="V">import</subfield>
    <subfield code="L"># Bd Zs-Kat. ZZN 4962-RJ</subfield>
    <subfield code="b">1568664-30</subfield>
    <subfield code="a">23184825490006446</subfield>
    <subfield code="t">8</subfield>
    <subfield code="c">40 Z 218</subfield>
    <subfield code="q">2002 13  2002</subfield>
    <subfield code="W">2020-11-17 20:12:29</subfield>
    <subfield code="u">D0001</subfield>
    <subfield code="w">D0001</subfield>
  </datafield>
  <datafield tag="H16" ind1="7" ind2=" ">
    <subfield code="a">1022362-9</subfield>
    <subfield code="2">DE-600</subfield>
    <subfield code="8">22176028150006443</subfield>
  </datafield>
  <datafield tag="H35" ind1=" " ind2=" ">
    <subfield code="a">(DE-600)042811635</subfield>
    <subfield code="8">22176028150006443</subfield>
  </datafield>
  <datafield tag="H92" ind1=" " ind2=" ">
    <subfield code="a">401000-0</subfield>
    <subfield code="d">61</subfield>
    <subfield code="k">NRW</subfield>
    <subfield code="l">a</subfield>
    <subfield code="o">c</subfield>
    <subfield code="8">22176028150006443</subfield>
  </datafield>
  <datafield tag="H52" ind1="8" ind2="1">
    <subfield code="a">DE-61</subfield>
    <subfield code="b">X0001</subfield>
    <subfield code="c">02P</subfield>
    <subfield code="h">his z m 280</subfield>
    <subfield code="8">22176028150006443</subfield>
  </datafield>
  <datafield tag="H59" ind1="0" ind2="0">
    <subfield code="8">1.1\x</subfield>
    <subfield code="a">1</subfield>
    <subfield code="i">1990</subfield>
    <subfield code="8">22176028150006443</subfield>
  </datafield>
  <datafield tag="H59" ind1="1" ind2="0">
    <subfield code="8">1.2\x</subfield>
    <subfield code="a">15</subfield>
    <subfield code="i">2004</subfield>
    <subfield code="8">22176028150006443</subfield>
  </datafield>
  <datafield tag="H59" ind1="0" ind2="0">
    <subfield code="8">2.1\x</subfield>
    <subfield code="a">16</subfield>
    <subfield code="i">2005/06</subfield>
    <subfield code="8">22176028150006443</subfield>
  </datafield>
  <datafield tag="H66" ind1="3" ind2="0">
    <subfield code="a">1.1990 - 15.2004(2005); 16.2005/06(2006)</subfield>
    <subfield code="8">22176028150006443</subfield>
  </datafield>
  <datafield tag="HOL" ind1=" " ind2=" ">
    <subfield code="b">2020-11-16 13:53:11</subfield>
    <subfield code="8">22176028150006443</subfield>
    <subfield code="M">49HBZ_DUE</subfield>
    <subfield code="g">false</subfield>
    <subfield code="a">import</subfield>
  </datafield>
  <datafield tag="ITM" ind1=" " ind2=" ">
    <subfield code="H">22176028150006443</subfield>
    <subfield code="x">02P</subfield>
    <subfield code="f">ISSBD</subfield>
    <subfield code="v">02P</subfield>
    <subfield code="p">32</subfield>
    <subfield code="X">System</subfield>
    <subfield code="U">2005-04-15 10:59:00</subfield>
    <subfield code="Y">2020-11-16 13:53:58</subfield>
    <subfield code="h">false</subfield>
    <subfield code="e">00001</subfield>
    <subfield code="n">hisz.m280</subfield>
    <subfield code="P">12/d/n/1</subfield>
    <subfield code="j">1</subfield>
    <subfield code="i">15</subfield>
    <subfield code="k">2004</subfield>
    <subfield code="M">49HBZ_DUE</subfield>
    <subfield code="s">1</subfield>
    <subfield code="d">8</subfield>
    <subfield code="V">import</subfield>
    <subfield code="a">23176028120006443</subfield>
    <subfield code="t">8</subfield>
    <subfield code="c">his z m 280</subfield>
    <subfield code="D">20050415</subfield>
    <subfield code="q">15.2004</subfield>
    <subfield code="W">2020-11-16 13:53:11</subfield>
    <subfield code="u">X0001</subfield>
    <subfield code="w">X0001</subfield>
  </datafield>
  <datafield tag="ITM" ind1=" " ind2=" ">
    <subfield code="H">22176028150006443</subfield>
    <subfield code="x">02P</subfield>
    <subfield code="f">ISSBD</subfield>
    <subfield code="v">02P</subfield>
    <subfield code="p">32</subfield>
    <subfield code="X">System</subfield>
    <subfield code="U">2006-08-07 10:59:00</subfield>
    <subfield code="Y">2020-11-16 13:53:58</subfield>
    <subfield code="h">false</subfield>
    <subfield code="e">00001</subfield>
    <subfield code="n">hisz.m280</subfield>
    <subfield code="P">12/d/n/1</subfield>
    <subfield code="j">1</subfield>
    <subfield code="i">16</subfield>
    <subfield code="k">2005</subfield>
    <subfield code="M">49HBZ_DUE</subfield>
    <subfield code="s">1</subfield>
    <subfield code="d">8</subfield>
    <subfield code="V">import</subfield>
    <subfield code="a">23176028110006443</subfield>
    <subfield code="t">8</subfield>
    <subfield code="c">his z m 280</subfield>
    <subfield code="D">20060807</subfield>
    <subfield code="q">16.2005</subfield>
    <subfield code="W">2020-11-16 13:53:11</subfield>
    <subfield code="u">X0001</subfield>
    <subfield code="w">X0001</subfield>
  </datafield>
  <datafield tag="ITM" ind1=" " ind2=" ">
    <subfield code="H">22176028150006443</subfield>
    <subfield code="x">02P</subfield>
    <subfield code="f">ISSBD</subfield>
    <subfield code="v">02P</subfield>
    <subfield code="p">32</subfield>
    <subfield code="X">System</subfield>
    <subfield code="U">2003-06-10 10:59:00</subfield>
    <subfield code="Y">2020-11-16 13:53:58</subfield>
    <subfield code="h">false</subfield>
    <subfield code="e">00001</subfield>
    <subfield code="n">hisz.m280</subfield>
    <subfield code="P">12/d/n/1</subfield>
    <subfield code="j">1</subfield>
    <subfield code="i">14</subfield>
    <subfield code="k">2003</subfield>
    <subfield code="M">49HBZ_DUE</subfield>
    <subfield code="s">1</subfield>
    <subfield code="d">8</subfield>
    <subfield code="V">import</subfield>
    <subfield code="a">23176028130006443</subfield>
    <subfield code="t">8</subfield>
    <subfield code="c">his z m 280</subfield>
    <subfield code="D">20030610</subfield>
    <subfield code="q">14.2003</subfield>
    <subfield code="W">2020-11-16 13:53:11</subfield>
    <subfield code="u">X0001</subfield>
    <subfield code="w">X0001</subfield>
  </datafield>
  <datafield tag="ITM" ind1=" " ind2=" ">
    <subfield code="H">22176028150006443</subfield>
    <subfield code="x">02P</subfield>
    <subfield code="f">ISSBD</subfield>
    <subfield code="v">02P</subfield>
    <subfield code="p">32</subfield>
    <subfield code="X">System</subfield>
    <subfield code="U">2002-10-22 10:59:00</subfield>
    <subfield code="Y">2020-11-16 13:53:58</subfield>
    <subfield code="h">false</subfield>
    <subfield code="e">00001</subfield>
    <subfield code="n">hisz.m280</subfield>
    <subfield code="j">1</subfield>
    <subfield code="i">13</subfield>
    <subfield code="k">2002</subfield>
    <subfield code="M">49HBZ_DUE</subfield>
    <subfield code="s">1</subfield>
    <subfield code="d">8</subfield>
    <subfield code="V">import</subfield>
    <subfield code="a">23176028140006443</subfield>
    <subfield code="t">8</subfield>
    <subfield code="c">his z m 280</subfield>
    <subfield code="q">13.2002</subfield>
    <subfield code="W">2020-11-16 13:53:11</subfield>
    <subfield code="u">X0001</subfield>
    <subfield code="w">X0001</subfield>
  </datafield>
  <datafield tag="GST" ind1=" " ind2=" ">
    <subfield code="a">Jude</subfield>
    <subfield code="A">GND</subfield>
    <subfield code="B">GND-040288080</subfield>
    <subfield code="C">450</subfield>
  </datafield>
  <datafield tag="GSI" ind1="7" ind2=" ">
    <subfield code="a">http://d-nb.info/gnd/4028808-0</subfield>
    <subfield code="2">uri</subfield>
    <subfield code="A">GND</subfield>
    <subfield code="B">GND-040288080</subfield>
    <subfield code="C">024</subfield>
  </datafield>
  <datafield tag="GSI" ind1="7" ind2=" ">
    <subfield code="a">http://d-nb.info/gnd/4011882-4</subfield>
    <subfield code="2">uri</subfield>
    <subfield code="A">GND</subfield>
    <subfield code="B">GND-040118827</subfield>
    <subfield code="C">024</subfield>
  </datafield>
  <datafield tag="GGN" ind1=" " ind2=" ">
    <subfield code="a">Deutsche La&#776;nder</subfield>
    <subfield code="9">v:als Sammelbezeichnung fu&#776;r die RVK</subfield>
    <subfield code="A">GND</subfield>
    <subfield code="B">GND-040118827</subfield>
    <subfield code="C">451</subfield>
  </datafield>
  <datafield tag="GGN" ind1=" " ind2=" ">
    <subfield code="a">Germany</subfield>
    <subfield code="g">Deutschland</subfield>
    <subfield code="A">GND</subfield>
    <subfield code="B">GND-040118827</subfield>
    <subfield code="C">451</subfield>
  </datafield>
  <datafield tag="GGN" ind1=" " ind2=" ">
    <subfield code="a">Heiliges Ro&#776;misches Reich</subfield>
    <subfield code="4">naaf</subfield>
    <subfield code="4">http://d-nb.info/standards/elementset/gnd#variantName</subfield>
    <subfield code="w">r</subfield>
    <subfield code="i">Alte Ansetzungsform</subfield>
    <subfield code="A">GND</subfield>
    <subfield code="B">GND-040118827</subfield>
    <subfield code="C">451</subfield>
  </datafield>
  <datafield tag="GGN" ind1=" " ind2=" ">
    <subfield code="a">Rheinbund</subfield>
    <subfield code="4">naaf</subfield>
    <subfield code="4">http://d-nb.info/standards/elementset/gnd#variantName</subfield>
    <subfield code="w">r</subfield>
    <subfield code="i">Alte Ansetzungsform</subfield>
    <subfield code="A">GND</subfield>
    <subfield code="B">GND-040118827</subfield>
    <subfield code="C">451</subfield>
  </datafield>
  <datafield tag="GGN" ind1=" " ind2=" ">
    <subfield code="a">Deutscher Bund</subfield>
    <subfield code="4">naaf</subfield>
    <subfield code="4">http://d-nb.info/standards/elementset/gnd#variantName</subfield>
    <subfield code="w">r</subfield>
    <subfield code="i">Alte Ansetzungsform</subfield>
    <subfield code="A">GND</subfield>
    <subfield code="B">GND-040118827</subfield>
    <subfield code="C">451</subfield>
  </datafield>
  <datafield tag="GGN" ind1=" " ind2=" ">
    <subfield code="a">Norddeutscher Bund</subfield>
    <subfield code="4">naaf</subfield>
    <subfield code="4">http://d-nb.info/standards/elementset/gnd#variantName</subfield>
    <subfield code="w">r</subfield>
    <subfield code="i">Alte Ansetzungsform</subfield>
    <subfield code="A">GND</subfield>
    <subfield code="B">GND-040118827</subfield>
    <subfield code="C">451</subfield>
  </datafield>
  <datafield tag="GGN" ind1=" " ind2=" ">
    <subfield code="a">Deutsches Reich</subfield>
    <subfield code="4">naaf</subfield>
    <subfield code="4">http://d-nb.info/standards/elementset/gnd#variantName</subfield>
    <subfield code="w">r</subfield>
    <subfield code="i">Alte Ansetzungsform</subfield>
    <subfield code="A">GND</subfield>
    <subfield code="B">GND-040118827</subfield>
    <subfield code="C">451</subfield>
  </datafield>
  <datafield tag="GGN" ind1=" " ind2=" ">
    <subfield code="a">Deutschland</subfield>
    <subfield code="g">Gebiet unter Alliierter Besatzung</subfield>
    <subfield code="4">naaf</subfield>
    <subfield code="4">http://d-nb.info/standards/elementset/gnd#variantName</subfield>
    <subfield code="w">r</subfield>
    <subfield code="i">Alte Ansetzungsform</subfield>
    <subfield code="A">GND</subfield>
    <subfield code="B">GND-040118827</subfield>
    <subfield code="C">451</subfield>
  </datafield>
  <datafield tag="GGN" ind1=" " ind2=" ">
    <subfield code="a">Deutschland</subfield>
    <subfield code="g">Bundesrepublik, 1990-</subfield>
    <subfield code="A">GND</subfield>
    <subfield code="B">GND-040118827</subfield>
    <subfield code="C">451</subfield>
  </datafield>
  <datafield tag="GGN" ind1=" " ind2=" ">
    <subfield code="a">BRD</subfield>
    <subfield code="g">1990-</subfield>
    <subfield code="A">GND</subfield>
    <subfield code="B">GND-040118827</subfield>
    <subfield code="C">451</subfield>
  </datafield>
  <datafield tag="GGN" ind1=" " ind2=" ">
    <subfield code="a">Federal Republic of Germany</subfield>
    <subfield code="g">Deutschland</subfield>
    <subfield code="A">GND</subfield>
    <subfield code="B">GND-040118827</subfield>
    <subfield code="C">451</subfield>
  </datafield>
  <datafield tag="GGN" ind1=" " ind2=" ">
    <subfield code="a">Republic of Germany</subfield>
    <subfield code="g">Deutschland</subfield>
    <subfield code="A">GND</subfield>
    <subfield code="B">GND-040118827</subfield>
    <subfield code="C">451</subfield>
  </datafield>
  <datafield tag="GGN" ind1=" " ind2=" ">
    <subfield code="a">Allemagne</subfield>
    <subfield code="g">Deutschland</subfield>
    <subfield code="A">GND</subfield>
    <subfield code="B">GND-040118827</subfield>
    <subfield code="C">451</subfield>
  </datafield>
  <datafield tag="GGN" ind1=" " ind2=" ">
    <subfield code="a">G&#780;umhu&#772;ri&#772;yat Alma&#772;niya&#772; al-Ittih&#803;a&#772;di&#772;ya</subfield>
    <subfield code="A">GND</subfield>
    <subfield code="B">GND-040118827</subfield>
    <subfield code="C">451</subfield>
  </datafield>
  <datafield tag="GGN" ind1=" " ind2=" ">
    <subfield code="a">Bundesrepublik Deutschland</subfield>
    <subfield code="g">1990-</subfield>
    <subfield code="A">GND</subfield>
    <subfield code="B">GND-040118827</subfield>
    <subfield code="C">451</subfield>
  </datafield>
  <datafield tag="GGN" ind1=" " ind2=" ">
    <subfield code="a">BRD</subfield>
    <subfield code="4">abku</subfield>
    <subfield code="4">http://d-nb.info/standards/elementset/gnd#abbreviatedNameForThePlaceOrGeographicName</subfield>
    <subfield code="w">r</subfield>
    <subfield code="i">Abkuerzung</subfield>
    <subfield code="A">GND</subfield>
    <subfield code="B">GND-040118827</subfield>
    <subfield code="C">451</subfield>
  </datafield>
  <datafield tag="GGN" ind1=" " ind2=" ">
    <subfield code="a">Niemcy</subfield>
    <subfield code="A">GND</subfield>
    <subfield code="B">GND-040118827</subfield>
    <subfield code="C">451</subfield>
  </datafield>
  <datafield tag="GGN" ind1=" " ind2=" ">
    <subfield code="a">Re&#769;publique Fe&#769;de&#769;rale d&apos;Allemagne</subfield>
    <subfield code="g">Deutschland</subfield>
    <subfield code="A">GND</subfield>
    <subfield code="B">GND-040118827</subfield>
    <subfield code="C">451</subfield>
  </datafield>
  <datafield tag="GGN" ind1=" " ind2=" ">
    <subfield code="a">Repubblica Federale di Germania</subfield>
    <subfield code="g">Deutschland</subfield>
    <subfield code="A">GND</subfield>
    <subfield code="B">GND-040118827</subfield>
    <subfield code="C">451</subfield>
  </datafield>
  <datafield tag="GGN" ind1=" " ind2=" ">
    <subfield code="a">Germanija</subfield>
    <subfield code="A">GND</subfield>
    <subfield code="B">GND-040118827</subfield>
    <subfield code="C">451</subfield>
  </datafield>
  <datafield tag="GGN" ind1=" " ind2=" ">
    <subfield code="a">Federativnaja Respublika Germanija</subfield>
    <subfield code="A">GND</subfield>
    <subfield code="B">GND-040118827</subfield>
    <subfield code="C">451</subfield>
  </datafield>
  <datafield tag="GGN" ind1=" " ind2=" ">
    <subfield code="a">FRG</subfield>
    <subfield code="4">abku</subfield>
    <subfield code="4">http://d-nb.info/standards/elementset/gnd#abbreviatedNameForThePlaceOrGeographicName</subfield>
    <subfield code="w">r</subfield>
    <subfield code="i">Abkuerzung</subfield>
    <subfield code="A">GND</subfield>
    <subfield code="B">GND-040118827</subfield>
    <subfield code="C">451</subfield>
  </datafield>
  <datafield tag="GGN" ind1=" " ind2=" ">
    <subfield code="a">Deyizhi-Lianbang-Gongheguo</subfield>
    <subfield code="A">GND</subfield>
    <subfield code="B">GND-040118827</subfield>
    <subfield code="C">451</subfield>
  </datafield>
  <datafield tag="GST" ind1=" " ind2=" ">
    <subfield code="a">Periodikum</subfield>
    <subfield code="A">GND-CONTENT</subfield>
    <subfield code="B">GND-040674886</subfield>
    <subfield code="C">450</subfield>
  </datafield>
  <datafield tag="GST" ind1=" " ind2=" ">
    <subfield code="a">Zeitschriften</subfield>
    <subfield code="A">GND-CONTENT</subfield>
    <subfield code="B">GND-040674886</subfield>
    <subfield code="C">450</subfield>
  </datafield>
  <datafield tag="GSI" ind1="7" ind2=" ">
    <subfield code="a">http://d-nb.info/gnd/4067488-5</subfield>
    <subfield code="2">uri</subfield>
    <subfield code="A">GND-CONTENT</subfield>
    <subfield code="B">GND-040674886</subfield>
    <subfield code="C">024</subfield>
  </datafield>
</record>